// cSpell:disable
@inproceedings{shah2023ImprovedCacheEviction,
  author    = {Shah, Jainam and Siddiqui, Asim Ahmed},
  booktitle = {2023 6th International Conference on Advances in Science and Technology (ICAST)},
  title     = {An Improved Cache Eviction Strategy: Combining Least Recently Used and Least Frequently Used Policies},
  year      = {2023},
  volume    = {},
  number    = {},
  pages     = {1-6},
  keywords  = {Tracking;System performance;Maintenance engineering;Complexity theory;Resource management;Context modeling;LRU;LFU;Replacement;Hit Rate;Miss Rate;Cache;Eviction Rate},
  doi       = {10.1109/ICAST59062.2023.10454976}
}
@manual{pytestXdist,
  title = {pytest-xdist â€” pytest-xdist documentation},
  year  = {2024},
  url   = {https://pytest-xdist.readthedocs.io/en/stable/},
  note  = {Accessed: May 04, 2025}
}
@online{arjancodesPickle,
  author = {ArjanCodes},
  title  = {Python Pickle Risks and Safer Serialization Alternatives},
  year   = {2024},
  url    = {https://arjancodes.com/blog/python-pickle-module-security-risks-and-safer-alternatives/},
  note   = {Accessed: Jul. 22, 2024}
}
@inproceedings{Sparenberg2012EvictionStrategiesForCachingScalableMedia,
  author    = {Sparenberg, Heiko and Martin, Matthias and Foessel, Siegfried},
  booktitle = {Seventh International Conference on Digital Information Management (ICDIM 2012)},
  title     = {Introduction of eviction strategies for caching scalable media files},
  year      = {2012},
  volume    = {},
  number    = {},
  pages     = {352-356},
  keywords  = {Image resolution;Transform coding;Media;File systems;Scalability;Real-time systems;PSNR;scalable media;JPEG 2000;caching;eviction strategies;virtual file system},
  doi       = {10.1109/ICDIM.2012.6360126}
}
@inproceedings{Zhou2023CacheEviction-LearningBeladyAlgorithm,
  author    = {Zhou, Wenbin and Wang, Qian},
  booktitle = {2023 IEEE 12th International Conference on Cloud Networking (CloudNet)},
  title     = {An Efficient Cache Eviction Strategy based on Learning and Belady Algorithm},
  year      = {2023},
  volume    = {},
  number    = {},
  pages     = {433-437},
  keywords  = {Costs;Filtering;Heuristic algorithms;Computational modeling;Simulation;Prediction algorithms;Boosting;edge caching;LSTM;Belady algorithm;GBM},
  doi       = {10.1109/CloudNet59005.2023.10490040}
}
@inproceedings{Saxena2024LatencyAwareDynamicCachingModel,
  author    = {Saxena, Deepika and Singh, Ashutosh Kumar and Lindenstruth, Volker},
  booktitle = {2024 IEEE 48th Annual Computers, Software, and Applications Conference (COMPSAC)},
  title     = {A Latency Aware and Dynamic Caching Model for Heterogeneous Datalake Environments},
  year      = {2024},
  volume    = {},
  number    = {},
  pages     = {2302-2307},
  keywords  = {Performance evaluation;Query processing;Heuristic algorithms;Web pages;Estimation;Predictive models;Prediction algorithms;Dynamic caching;cache eviction;cache size prediction;LSTM;cache hits;page fault},
  doi       = {10.1109/COMPSAC61105.2024.00370}
}
@article{Bilal2017CacheManagementSchemeforEfficientContentEvictionReplication,
  author   = {Bilal, Muhammad and Kang, Shin-Gak},
  journal  = {IEEE Access},
  title    = {A Cache Management Scheme for Efficient Content Eviction and Replication in Cache Networks},
  year     = {2017},
  volume   = {5},
  number   = {},
  pages    = {1692-1701},
  keywords = {Internet;Radiation detectors;History;Business;Peer-to-peer computing;Telecommunications;Electronic mail;Content eviction;content replication;cache network;content centric networking;cache management},
  doi      = {10.1109/ACCESS.2017.2669344}
}
@article{Lin2015HighEnduranceHybridCache,
  author   = {Lin, Ing-Chao and Chiou, Jeng-Nian},
  journal  = {IEEE Transactions on Very Large Scale Integration (VLSI) Systems},
  title    = {High-Endurance Hybrid Cache Design in CMP Architecture With Cache Partitioning and Access-Aware Policies},
  year     = {2015},
  volume   = {23},
  number   = {10},
  pages    = {2149-2161},
  keywords = {Nonvolatile memory;Magnetic tunneling;Phase change random access memory;Energy consumption;Memory management;Dynamic cache partitioning;hybrid bank;hybrid L2 cache;management policy;spin-transfer torque RAM (STT-RAM);wear leveling.;Dynamic cache partitioning;hybrid bank;hybrid L2 cache;management policy;spin-transfer torque RAM (STT-RAM);wear leveling},
  doi      = {10.1109/TVLSI.2014.2361150}
}
@inproceedings{AnandKumar2014HeterogeneousMultiCross,
  author    = {AnandKumar, K.M. and Akash, S. and Ganesh, Divyalakshmi and Christy, Monica Snehapriya},
  booktitle = {2014 International Conference on Advances in Computing, Communications and Informatics (ICACCI)},
  title     = {A hybrid cache replacement policy for heterogeneous multi-cores},
  year      = {2014},
  volume    = {},
  number    = {},
  pages     = {594-599},
  keywords  = {Libraries;Time-frequency analysis;Cache Replacement;cache miss;resource utilization;multi-core},
  doi       = {10.1109/ICACCI.2014.6968209}
}
@inproceedings{Wu2022DeadblockAwareAdaptiveEvictionPolicy,
  author    = {Wu, Zhaohui and Chen, Wei and Li, Bin and Liu, Zequan and Long, Shusheng},
  booktitle = {2022 IEEE 6th Advanced Information Technology, Electronic and Automation Control Conference (IAEAC )},
  title     = {Deadblock Aware Adaptive Eviction Policy for Shared Last-Level Cache},
  year      = {2022},
  volume    = {},
  number    = {},
  pages     = {1498-1501},
  keywords  = {Degradation;Automation;Multicore processing;Interference;Aerospace electronics;Information technology;Shared Cache;Eviction Replacement Policy;Deadblock},
  doi       = {10.1109/IAEAC54830.2022.9930070}
}